@Article{Tibshirani1996,
  author       = {Tibshirani, R.},
  journal      = {Journal of the Royal Statistical Society Series B},
  title        = {Regression shrinkage and selection via the lasso},
  year         = {1996},
  pages        = {267--288},
  volume       = {58},
  publisher    = {Blackwell Publishing; Royal Statistical Society},
}
@article{Breheny2019,
  title={Marginal false discovery rates for penalized regression models},
  author={Breheny, Patrick J},
  journal={Biostatistics},
  volume={20},
  number={2},
  pages={299--314},
  year={2019},
  publisher={Oxford University Press},
  doi={10.1093/biostatistics/kxy004},
  pmid={29420686}
}

@article{Hastie2020,
  title={Best Subset, Forward Stepwise, or Lasso? Analysis and Recommendations Based on Extensive Comparisons},
  author={Trevor Hastie and Robert Tibshirani and Ryan J. Tibshirani},
  journal={Statistical Science},
  volume={35},
  number={4},
  pages={579--592},
  year={2020},
  publisher={Institute of Mathematical Statistics},
  doi={10.1214/19-STS733},
  url={https://projecteuclid.org/euclid.ss/1579058507}
}
